@article{gpcd,
  author =     {V. Chandola, R. R. Vatsavai},
  title =      {A Gaussian Process Based Online Change Detection Algorithm for Monitoring Periodic Time Series},
  journal =      {SIAM: SIAM International Conference
  on Data Mining (SDM11)},
  year =      {2011}
}